Store,DayOfWeek,Date,Sales,Customers,Open,Promo,StateHoliday,SchoolHoliday,StoreType,Assortment,CompetitionDistance,CompetitionOpenSinceMonth,CompetitionOpenSinceYear,Promo2,Promo2SinceWeek,Promo2SinceYear,PromoInterval
1,5,7/31/2015,5263,555,1,1,0,1,c,a,1270,9,2008,0,,,
1,4,7/30/2015,5020,546,1,1,0,1,c,a,1270,9,2008,0,,,
1,3,7/29/2015,4782,523,1,1,0,1,c,a,1270,9,2008,0,,,
1,2,7/28/2015,5011,560,1,1,0,1,c,a,1270,9,2008,0,,,
1,1,7/27/2015,6102,612,1,1,0,1,c,a,1270,9,2008,0,,,
1,6,7/25/2015,4364,500,1,0,0,0,c,a,1270,9,2008,0,,,
1,5,7/24/2015,3706,459,1,0,0,0,c,a,1270,9,2008,0,,,
1,4,7/23/2015,3769,503,1,0,0,0,c,a,1270,9,2008,0,,,
1,3,7/22/2015,3464,463,1,0,0,0,c,a,1270,9,2008,0,,,
1,2,7/21/2015,3558,469,1,0,0,0,c,a,1270,9,2008,0,,,
1,1,7/20/2015,4395,526,1,0,0,0,c,a,1270,9,2008,0,,,
1,6,7/18/2015,4406,512,1,0,0,0,c,a,1270,9,2008,0,,,
1,5,7/17/2015,4852,519,1,1,0,0,c,a,1270,9,2008,0,,,
1,4,7/16/2015,4427,517,1,1,0,0,c,a,1270,9,2008,0,,,
1,3,7/15/2015,4767,550,1,1,0,0,c,a,1270,9,2008,0,,,
1,2,7/14/2015,5042,544,1,1,0,0,c,a,1270,9,2008,0,,,
1,1,7/13/2015,5054,553,1,1,0,0,c,a,1270,9,2008,0,,,
1,6,7/11/2015,3530,441,1,0,0,0,c,a,1270,9,2008,0,,,
1,5,7/10/2015,3808,449,1,0,0,0,c,a,1270,9,2008,0,,,
1,4,7/9/2015,3897,480,1,0,0,0,c,a,1270,9,2008,0,,,
1,3,7/8/2015,3797,485,1,0,0,0,c,a,1270,9,2008,0,,,
1,2,7/7/2015,3650,485,1,0,0,0,c,a,1270,9,2008,0,,,
1,1,7/6/2015,4359,540,1,0,0,0,c,a,1270,9,2008,0,,,
1,6,7/4/2015,4797,560,1,0,0,0,c,a,1270,9,2008,0,,,
1,5,7/3/2015,4665,538,1,1,0,0,c,a,1270,9,2008,0,,,
1,4,7/2/2015,5558,573,1,1,0,0,c,a,1270,9,2008,0,,,
1,3,7/1/2015,5223,562,1,1,0,0,c,a,1270,9,2008,0,,,
1,2,6/30/2015,5735,568,1,1,0,0,c,a,1270,9,2008,0,,,
1,1,6/29/2015,5197,541,1,1,0,0,c,a,1270,9,2008,0,,,
1,6,6/27/2015,4019,463,1,0,0,0,c,a,1270,9,2008,0,,,
1,5,6/26/2015,3317,420,1,0,0,0,c,a,1270,9,2008,0,,,
1,4,6/25/2015,3533,433,1,0,0,0,c,a,1270,9,2008,0,,,
1,3,6/24/2015,3346,414,1,0,0,0,c,a,1270,9,2008,0,,,
1,2,6/23/2015,3762,447,1,0,0,0,c,a,1270,9,2008,0,,,
1,1,6/22/2015,3846,489,1,0,0,0,c,a,1270,9,2008,0,,,
1,6,6/20/2015,4097,494,1,0,0,0,c,a,1270,9,2008,0,,,
1,5,6/19/2015,4202,487,1,1,0,0,c,a,1270,9,2008,0,,,
1,4,6/18/2015,4645,498,1,1,0,0,c,a,1270,9,2008,0,,,
1,3,6/17/2015,4000,476,1,1,0,0,c,a,1270,9,2008,0,,,
1,2,6/16/2015,4852,503,1,1,0,0,c,a,1270,9,2008,0,,,
1,1,6/15/2015,5518,586,1,1,0,0,c,a,1270,9,2008,0,,,
1,6,6/13/2015,4256,502,1,0,0,0,c,a,1270,9,2008,0,,,
1,5,6/12/2015,3695,422,1,0,0,0,c,a,1270,9,2008,0,,,
1,4,6/11/2015,3627,442,1,0,0,0,c,a,1270,9,2008,0,,,
1,3,6/10/2015,3591,453,1,0,0,0,c,a,1270,9,2008,0,,,
1,2,6/9/2015,4102,485,1,0,0,0,c,a,1270,9,2008,0,,,
1,1,6/8/2015,4071,502,1,0,0,0,c,a,1270,9,2008,0,,,
1,6,6/6/2015,4183,460,1,0,0,0,c,a,1270,9,2008,0,,,
1,5,6/5/2015,5384,609,1,1,0,0,c,a,1270,9,2008,0,,,
1,3,6/3/2015,5809,616,1,1,0,0,c,a,1270,9,2008,0,,,
1,2,6/2/2015,5450,590,1,1,0,0,c,a,1270,9,2008,0,,,
1,1,6/1/2015,5774,607,1,1,0,0,c,a,1270,9,2008,0,,,
1,6,5/30/2015,5592,580,1,0,0,0,c,a,1270,9,2008,0,,,
1,5,5/29/2015,4656,537,1,0,0,0,c,a,1270,9,2008,0,,,
1,4,5/28/2015,4111,474,1,0,0,0,c,a,1270,9,2008,0,,,
1,3,5/27/2015,4083,497,1,0,0,0,c,a,1270,9,2008,0,,,
1,2,5/26/2015,4211,479,1,0,0,0,c,a,1270,9,2008,0,,,
1,6,5/23/2015,4276,506,1,0,0,0,c,a,1270,9,2008,0,,,
1,5,5/22/2015,4459,495,1,1,0,0,c,a,1270,9,2008,0,,,
1,4,5/21/2015,3755,471,1,1,0,0,c,a,1270,9,2008,0,,,
1,3,5/20/2015,4735,533,1,1,0,0,c,a,1270,9,2008,0,,,
1,2,5/19/2015,5235,546,1,1,0,0,c,a,1270,9,2008,0,,,
1,1,5/18/2015,5280,577,1,1,0,0,c,a,1270,9,2008,0,,,
1,6,5/16/2015,4431,505,1,0,0,0,c,a,1270,9,2008,0,,,
1,5,5/15/2015,4178,523,1,0,0,0,c,a,1270,9,2008,0,,,
1,3,5/13/2015,3998,523,1,0,0,0,c,a,1270,9,2008,0,,,
1,2,5/12/2015,3547,438,1,0,0,0,c,a,1270,9,2008,0,,,
1,1,5/11/2015,3551,453,1,0,0,0,c,a,1270,9,2008,0,,,
1,6,5/9/2015,4945,596,1,0,0,0,c,a,1270,9,2008,0,,,
1,5,5/8/2015,4683,536,1,1,0,0,c,a,1270,9,2008,0,,,
1,4,5/7/2015,4529,491,1,1,0,0,c,a,1270,9,2008,0,,,
1,3,5/6/2015,4960,536,1,1,0,0,c,a,1270,9,2008,0,,,
1,2,5/5/2015,4564,514,1,1,0,0,c,a,1270,9,2008,0,,,
1,1,5/4/2015,5591,589,1,1,0,0,c,a,1270,9,2008,0,,,
1,6,5/2/2015,5850,653,1,0,0,0,c,a,1270,9,2008,0,,,
1,4,4/30/2015,6228,650,1,1,0,0,c,a,1270,9,2008,0,,,
1,3,4/29/2015,5775,579,1,1,0,0,c,a,1270,9,2008,0,,,
1,2,4/28/2015,5199,552,1,1,0,0,c,a,1270,9,2008,0,,,
1,1,4/27/2015,5575,574,1,1,0,0,c,a,1270,9,2008,0,,,
1,6,4/25/2015,4318,537,1,0,0,0,c,a,1270,9,2008,0,,,
1,5,4/24/2015,3198,437,1,0,0,0,c,a,1270,9,2008,0,,,
1,4,4/23/2015,3076,426,1,0,0,0,c,a,1270,9,2008,0,,,
1,3,4/22/2015,3319,411,1,0,0,0,c,a,1270,9,2008,0,,,
1,2,4/21/2015,3037,416,1,0,0,0,c,a,1270,9,2008,0,,,
1,1,4/20/2015,3722,480,1,0,0,0,c,a,1270,9,2008,0,,,
1,6,4/18/2015,4594,544,1,0,0,0,c,a,1270,9,2008,0,,,
1,5,4/17/2015,4718,511,1,1,0,0,c,a,1270,9,2008,0,,,
1,4,4/16/2015,4116,480,1,1,0,0,c,a,1270,9,2008,0,,,
1,3,4/15/2015,4110,501,1,1,0,0,c,a,1270,9,2008,0,,,
1,2,4/14/2015,4648,535,1,1,0,0,c,a,1270,9,2008,0,,,
1,1,4/13/2015,5377,574,1,1,0,0,c,a,1270,9,2008,0,,,
1,6,4/11/2015,4173,525,1,0,0,0,c,a,1270,9,2008,0,,,
1,5,4/10/2015,3549,428,1,0,0,1,c,a,1270,9,2008,0,,,
1,4,4/9/2015,3467,430,1,0,0,1,c,a,1270,9,2008,0,,,
1,3,4/8/2015,4194,500,1,0,0,1,c,a,1270,9,2008,0,,,
1,2,4/7/2015,4163,555,1,0,0,1,c,a,1270,9,2008,0,,,
1,6,4/4/2015,6709,796,1,0,0,1,c,a,1270,9,2008,0,,,
1,4,4/2/2015,6574,722,1,1,0,1,c,a,1270,9,2008,0,,,
1,3,4/1/2015,6816,707,1,1,0,1,c,a,1270,9,2008,0,,,
1,2,3/31/2015,6206,589,1,1,0,1,c,a,1270,9,2008,0,,,
1,1,3/30/2015,6714,697,1,1,0,1,c,a,1270,9,2008,0,,,
1,6,3/28/2015,5208,605,1,0,0,0,c,a,1270,9,2008,0,,,
1,5,3/27/2015,4005,529,1,0,0,0,c,a,1270,9,2008,0,,,
1,4,3/26/2015,3932,490,1,0,0,0,c,a,1270,9,2008,0,,,
1,3,3/25/2015,3531,447,1,0,0,0,c,a,1270,9,2008,0,,,
1,2,3/24/2015,3547,464,1,0,0,0,c,a,1270,9,2008,0,,,
1,1,3/23/2015,3565,495,1,0,0,0,c,a,1270,9,2008,0,,,
1,6,3/21/2015,3909,506,1,0,0,0,c,a,1270,9,2008,0,,,
1,5,3/20/2015,4057,472,1,1,0,0,c,a,1270,9,2008,0,,,
1,4,3/19/2015,4748,535,1,1,0,0,c,a,1270,9,2008,0,,,
1,3,3/18/2015,3858,504,1,1,0,0,c,a,1270,9,2008,0,,,
1,2,3/17/2015,4806,555,1,1,0,0,c,a,1270,9,2008,0,,,
1,1,3/16/2015,5695,605,1,1,0,0,c,a,1270,9,2008,0,,,
1,6,3/14/2015,5225,599,1,0,0,0,c,a,1270,9,2008,0,,,
1,5,3/13/2015,3725,493,1,0,0,0,c,a,1270,9,2008,0,,,
1,4,3/12/2015,3141,405,1,0,0,0,c,a,1270,9,2008,0,,,
1,3,3/11/2015,4170,521,1,0,0,0,c,a,1270,9,2008,0,,,
1,2,3/10/2015,3805,491,1,0,0,0,c,a,1270,9,2008,0,,,
1,1,3/9/2015,3701,485,1,0,0,0,c,a,1270,9,2008,0,,,
1,6,3/7/2015,4592,570,1,0,0,0,c,a,1270,9,2008,0,,,
1,5,3/6/2015,5397,579,1,1,0,0,c,a,1270,9,2008,0,,,
1,4,3/5/2015,4419,534,1,1,0,0,c,a,1270,9,2008,0,,,
1,3,3/4/2015,5568,597,1,1,0,0,c,a,1270,9,2008,0,,,
1,2,3/3/2015,5451,576,1,1,0,0,c,a,1270,9,2008,0,,,
1,1,3/2/2015,5942,669,1,1,0,0,c,a,1270,9,2008,0,,,
1,6,2/28/2015,5289,640,1,0,0,0,c,a,1270,9,2008,0,,,
1,5,2/27/2015,4708,542,1,0,0,0,c,a,1270,9,2008,0,,,
1,4,2/26/2015,4042,489,1,0,0,0,c,a,1270,9,2008,0,,,
1,3,2/25/2015,3875,512,1,0,0,0,c,a,1270,9,2008,0,,,
1,2,2/24/2015,4054,500,1,0,0,0,c,a,1270,9,2008,0,,,
1,1,2/23/2015,3598,454,1,0,0,0,c,a,1270,9,2008,0,,,
1,6,2/21/2015,4475,547,1,0,0,0,c,a,1270,9,2008,0,,,
1,5,2/20/2015,4651,548,1,1,0,0,c,a,1270,9,2008,0,,,
1,4,2/19/2015,4460,507,1,1,0,0,c,a,1270,9,2008,0,,,
1,3,2/18/2015,4180,509,1,1,0,0,c,a,1270,9,2008,0,,,
1,2,2/17/2015,4833,512,1,1,0,0,c,a,1270,9,2008,0,,,
1,1,2/16/2015,4303,478,1,1,0,0,c,a,1270,9,2008,0,,,
1,6,2/14/2015,5015,624,1,0,0,0,c,a,1270,9,2008,0,,,
1,5,2/13/2015,4726,630,1,0,0,0,c,a,1270,9,2008,0,,,
1,4,2/12/2015,3900,477,1,0,0,0,c,a,1270,9,2008,0,,,
1,3,2/11/2015,3735,501,1,0,0,0,c,a,1270,9,2008,0,,,
1,2,2/10/2015,3136,419,1,0,0,0,c,a,1270,9,2008,0,,,
1,1,2/9/2015,3965,501,1,0,0,0,c,a,1270,9,2008,0,,,
1,6,2/7/2015,4663,599,1,0,0,0,c,a,1270,9,2008,0,,,
1,5,2/6/2015,5022,604,1,1,0,0,c,a,1270,9,2008,0,,,
1,4,2/5/2015,4394,551,1,1,0,0,c,a,1270,9,2008,0,,,
1,3,2/4/2015,4672,544,1,1,0,0,c,a,1270,9,2008,0,,,
1,2,2/3/2015,4901,596,1,1,0,0,c,a,1270,9,2008,0,,,
1,1,2/2/2015,6038,669,1,1,0,0,c,a,1270,9,2008,0,,,
1,6,1/31/2015,5363,638,1,0,0,0,c,a,1270,9,2008,0,,,
1,5,1/30/2015,5577,616,1,1,0,0,c,a,1270,9,2008,0,,,
1,4,1/29/2015,5171,573,1,1,0,0,c,a,1270,9,2008,0,,,
1,3,1/28/2015,4310,537,1,1,0,0,c,a,1270,9,2008,0,,,
1,2,1/27/2015,4806,532,1,1,0,0,c,a,1270,9,2008,0,,,
1,1,1/26/2015,4781,566,1,1,0,0,c,a,1270,9,2008,0,,,
1,6,1/24/2015,4840,600,1,0,0,0,c,a,1270,9,2008,0,,,
1,5,1/23/2015,3586,489,1,0,0,0,c,a,1270,9,2008,0,,,
1,4,1/22/2015,3492,493,1,0,0,0,c,a,1270,9,2008,0,,,
1,3,1/21/2015,3299,460,1,0,0,0,c,a,1270,9,2008,0,,,
1,2,1/20/2015,3680,462,1,0,0,0,c,a,1270,9,2008,0,,,
1,1,1/19/2015,3721,480,1,0,0,0,c,a,1270,9,2008,0,,,
1,6,1/17/2015,5255,622,1,0,0,0,c,a,1270,9,2008,0,,,
1,5,1/16/2015,4161,524,1,1,0,0,c,a,1270,9,2008,0,,,
1,4,1/15/2015,4295,517,1,1,0,0,c,a,1270,9,2008,0,,,
1,3,1/14/2015,4541,545,1,1,0,0,c,a,1270,9,2008,0,,,
1,2,1/13/2015,4924,564,1,1,0,0,c,a,1270,9,2008,0,,,
1,1,1/12/2015,5346,590,1,1,0,0,c,a,1270,9,2008,0,,,
1,6,1/10/2015,4599,566,1,0,0,0,c,a,1270,9,2008,0,,,
1,5,1/9/2015,3998,494,1,1,0,1,c,a,1270,9,2008,0,,,
1,4,1/8/2015,3716,457,1,1,0,1,c,a,1270,9,2008,0,,,
1,3,1/7/2015,4796,603,1,1,0,1,c,a,1270,9,2008,0,,,
1,2,1/6/2015,4574,595,1,1,0,1,c,a,1270,9,2008,0,,,
1,1,1/5/2015,6239,712,1,1,0,1,c,a,1270,9,2008,0,,,
1,6,1/3/2015,5023,645,1,0,0,1,c,a,1270,9,2008,0,,,
1,5,1/2/2015,5509,657,1,0,0,1,c,a,1270,9,2008,0,,,
1,3,12/31/2014,2605,327,1,0,0,1,c,a,1270,9,2008,0,,,
1,2,12/30/2014,6466,703,1,0,0,1,c,a,1270,9,2008,0,,,
1,1,12/29/2014,6463,700,1,0,0,1,c,a,1270,9,2008,0,,,
1,6,12/27/2014,6057,684,1,0,0,1,c,a,1270,9,2008,0,,,
1,3,12/24/2014,3659,421,1,0,0,1,c,a,1270,9,2008,0,,,
1,2,12/23/2014,7959,957,1,0,0,1,c,a,1270,9,2008,0,,,
1,1,12/22/2014,9331,1080,1,0,0,1,c,a,1270,9,2008,0,,,
1,6,12/20/2014,8367,962,1,0,0,0,c,a,1270,9,2008,0,,,
1,5,12/19/2014,7558,884,1,1,0,0,c,a,1270,9,2008,0,,,
1,4,12/18/2014,7785,841,1,1,0,0,c,a,1270,9,2008,0,,,
1,3,12/17/2014,7523,791,1,1,0,0,c,a,1270,9,2008,0,,,
1,2,12/16/2014,7739,823,1,1,0,0,c,a,1270,9,2008,0,,,
1,1,12/15/2014,8069,871,1,1,0,0,c,a,1270,9,2008,0,,,
1,6,12/13/2014,7263,850,1,0,0,0,c,a,1270,9,2008,0,,,
1,5,12/12/2014,5269,617,1,0,0,0,c,a,1270,9,2008,0,,,
1,4,12/11/2014,5060,587,1,0,0,0,c,a,1270,9,2008,0,,,
1,3,12/10/2014,4915,619,1,0,0,0,c,a,1270,9,2008,0,,,
1,2,12/9/2014,4345,559,1,0,0,0,c,a,1270,9,2008,0,,,
1,1,12/8/2014,4884,610,1,0,0,0,c,a,1270,9,2008,0,,,
1,6,12/6/2014,6185,746,1,0,0,0,c,a,1270,9,2008,0,,,
1,5,12/5/2014,6207,712,1,1,0,0,c,a,1270,9,2008,0,,,
1,4,12/4/2014,7016,681,1,1,0,0,c,a,1270,9,2008,0,,,
1,3,12/3/2014,6454,695,1,1,0,0,c,a,1270,9,2008,0,,,
1,2,12/2/2014,6467,717,1,1,0,0,c,a,1270,9,2008,0,,,
1,1,12/1/2014,7380,723,1,1,0,0,c,a,1270,9,2008,0,,,
1,6,11/29/2014,7066,749,1,0,0,0,c,a,1270,9,2008,0,,,
1,5,11/28/2014,7195,711,1,1,0,0,c,a,1270,9,2008,0,,,
1,4,11/27/2014,6144,668,1,1,0,0,c,a,1270,9,2008,0,,,
1,3,11/26/2014,5328,611,1,1,0,0,c,a,1270,9,2008,0,,,
1,2,11/25/2014,5815,610,1,1,0,0,c,a,1270,9,2008,0,,,
1,1,11/24/2014,6527,694,1,1,0,0,c,a,1270,9,2008,0,,,
1,6,11/22/2014,5849,678,1,0,0,0,c,a,1270,9,2008,0,,,
1,5,11/21/2014,4594,570,1,0,0,0,c,a,1270,9,2008,0,,,
1,4,11/20/2014,4963,635,1,0,0,0,c,a,1270,9,2008,0,,,
1,3,11/19/2014,3894,494,1,0,0,0,c,a,1270,9,2008,0,,,
1,2,11/18/2014,3890,529,1,0,0,0,c,a,1270,9,2008,0,,,
1,1,11/17/2014,3582,491,1,0,0,0,c,a,1270,9,2008,0,,,
1,6,11/15/2014,4967,614,1,0,0,0,c,a,1270,9,2008,0,,,
1,5,11/14/2014,5334,603,1,1,0,0,c,a,1270,9,2008,0,,,
1,4,11/13/2014,3869,471,1,1,0,0,c,a,1270,9,2008,0,,,
1,3,11/12/2014,4677,533,1,1,0,0,c,a,1270,9,2008,0,,,
1,2,11/11/2014,4479,555,1,1,0,0,c,a,1270,9,2008,0,,,
1,1,11/10/2014,5474,578,1,1,0,0,c,a,1270,9,2008,0,,,
1,6,11/8/2014,4720,546,1,0,0,0,c,a,1270,9,2008,0,,,
1,5,11/7/2014,5220,582,1,1,0,0,c,a,1270,9,2008,0,,,
1,4,11/6/2014,4785,527,1,1,0,0,c,a,1270,9,2008,0,,,
1,3,11/5/2014,4838,539,1,1,0,0,c,a,1270,9,2008,0,,,
1,2,11/4/2014,5253,586,1,1,0,0,c,a,1270,9,2008,0,,,
1,1,11/3/2014,5857,625,1,1,0,0,c,a,1270,9,2008,0,,,
1,6,11/1/2014,6532,731,1,0,0,0,c,a,1270,9,2008,0,,,
1,5,10/31/2014,4161,512,1,0,0,1,c,a,1270,9,2008,0,,,
1,4,10/30/2014,4042,492,1,0,0,1,c,a,1270,9,2008,0,,,
1,3,10/29/2014,3761,449,1,0,0,1,c,a,1270,9,2008,0,,,
1,2,10/28/2014,3364,439,1,0,0,1,c,a,1270,9,2008,0,,,
1,1,10/27/2014,4260,475,1,0,0,1,c,a,1270,9,2008,0,,,
1,6,10/25/2014,4596,539,1,0,0,1,c,a,1270,9,2008,0,,,
1,5,10/24/2014,4196,495,1,1,0,1,c,a,1270,9,2008,0,,,
1,4,10/23/2014,4466,476,1,1,0,1,c,a,1270,9,2008,0,,,
1,3,10/22/2014,4868,566,1,1,0,1,c,a,1270,9,2008,0,,,
1,2,10/21/2014,4678,547,1,1,0,1,c,a,1270,9,2008,0,,,
1,1,10/20/2014,4652,560,1,1,0,1,c,a,1270,9,2008,0,,,
1,6,10/18/2014,4169,497,1,0,0,0,c,a,1270,9,2008,0,,,
1,5,10/17/2014,3720,500,1,0,0,0,c,a,1270,9,2008,0,,,
1,4,10/16/2014,3430,436,1,0,0,0,c,a,1270,9,2008,0,,,
1,3,10/15/2014,3775,451,1,0,0,0,c,a,1270,9,2008,0,,,
1,2,10/14/2014,3681,476,1,0,0,0,c,a,1270,9,2008,0,,,
1,1,10/13/2014,4033,492,1,0,0,0,c,a,1270,9,2008,0,,,
1,6,10/11/2014,4743,557,1,0,0,0,c,a,1270,9,2008,0,,,
1,5,10/10/2014,4396,539,1,1,0,0,c,a,1270,9,2008,0,,,
1,4,10/9/2014,4654,527,1,1,0,0,c,a,1270,9,2008,0,,,
1,3,10/8/2014,4944,518,1,1,0,0,c,a,1270,9,2008,0,,,
1,2,10/7/2014,5439,556,1,1,0,0,c,a,1270,9,2008,0,,,
1,1,10/6/2014,5402,608,1,1,0,0,c,a,1270,9,2008,0,,,
1,6,10/4/2014,5355,621,1,0,0,0,c,a,1270,9,2008,0,,,
1,4,10/2/2014,5400,601,1,1,0,0,c,a,1270,9,2008,0,,,
1,3,10/1/2014,4712,554,1,1,0,0,c,a,1270,9,2008,0,,,
1,2,9/30/2014,4919,550,1,1,0,0,c,a,1270,9,2008,0,,,
1,1,9/29/2014,5280,566,1,1,0,0,c,a,1270,9,2008,0,,,
1,6,9/27/2014,3914,464,1,0,0,0,c,a,1270,9,2008,0,,,
1,5,9/26/2014,3518,442,1,0,0,0,c,a,1270,9,2008,0,,,
1,4,9/25/2014,2462,378,1,0,0,0,c,a,1270,9,2008,0,,,
1,3,9/24/2014,3405,465,1,0,0,0,c,a,1270,9,2008,0,,,
1,2,9/23/2014,3407,437,1,0,0,0,c,a,1270,9,2008,0,,,
1,1,9/22/2014,3982,466,1,0,0,0,c,a,1270,9,2008,0,,,
1,6,9/20/2014,3911,500,1,0,0,0,c,a,1270,9,2008,0,,,
1,5,9/19/2014,4128,485,1,1,0,0,c,a,1270,9,2008,0,,,
1,4,9/18/2014,3740,447,1,1,0,0,c,a,1270,9,2008,0,,,
1,3,9/17/2014,4383,490,1,1,0,0,c,a,1270,9,2008,0,,,
1,2,9/16/2014,4381,511,1,1,0,0,c,a,1270,9,2008,0,,,
1,1,9/15/2014,4611,545,1,1,0,0,c,a,1270,9,2008,0,,,
1,6,9/13/2014,4270,508,1,0,0,0,c,a,1270,9,2008,0,,,
1,5,9/12/2014,3906,501,1,0,0,0,c,a,1270,9,2008,0,,,
1,4,9/11/2014,3392,437,1,0,0,0,c,a,1270,9,2008,0,,,
1,3,9/10/2014,3275,448,1,0,0,0,c,a,1270,9,2008,0,,,
1,2,9/9/2014,3377,439,1,0,0,0,c,a,1270,9,2008,0,,,
1,1,9/8/2014,3676,530,1,0,0,0,c,a,1270,9,2008,0,,,
1,6,9/6/2014,3959,515,1,0,0,0,c,a,1270,9,2008,0,,,
1,5,9/5/2014,4706,553,1,1,0,1,c,a,1270,9,2008,0,,,
1,4,9/4/2014,4346,507,1,1,0,1,c,a,1270,9,2008,0,,,
1,3,9/3/2014,4978,539,1,1,0,1,c,a,1270,9,2008,0,,,
1,2,9/2/2014,5008,564,1,1,0,1,c,a,1270,9,2008,0,,,
1,1,9/1/2014,5464,561,1,1,0,1,c,a,1270,9,2008,0,,,
1,6,8/30/2014,4094,518,1,0,0,1,c,a,1270,9,2008,0,,,
1,5,8/29/2014,3869,439,1,0,0,1,c,a,1270,9,2008,0,,,
1,4,8/28/2014,3920,467,1,0,0,1,c,a,1270,9,2008,0,,,
1,3,8/27/2014,3148,421,1,0,0,1,c,a,1270,9,2008,0,,,
1,2,8/26/2014,3396,460,1,0,0,1,c,a,1270,9,2008,0,,,
1,1,8/25/2014,3414,449,1,0,0,1,c,a,1270,9,2008,0,,,
1,6,8/23/2014,3582,469,1,0,0,1,c,a,1270,9,2008,0,,,
1,5,8/22/2014,3971,461,1,1,0,1,c,a,1270,9,2008,0,,,
1,4,8/21/2014,4327,484,1,1,0,1,c,a,1270,9,2008,0,,,
1,3,8/20/2014,4280,467,1,1,0,1,c,a,1270,9,2008,0,,,
1,2,8/19/2014,5190,528,1,1,0,1,c,a,1270,9,2008,0,,,
1,1,8/18/2014,5623,598,1,1,0,1,c,a,1270,9,2008,0,,,
1,6,8/16/2014,4425,544,1,0,0,1,c,a,1270,9,2008,0,,,
1,5,8/15/2014,3746,479,1,0,0,1,c,a,1270,9,2008,0,,,
1,4,8/14/2014,3906,481,1,0,0,1,c,a,1270,9,2008,0,,,
1,3,8/13/2014,4069,496,1,0,0,1,c,a,1270,9,2008,0,,,
1,2,8/12/2014,3185,421,1,0,0,1,c,a,1270,9,2008,0,,,
1,1,8/11/2014,3886,505,1,0,0,1,c,a,1270,9,2008,0,,,
1,6,8/9/2014,4174,504,1,0,0,1,c,a,1270,9,2008,0,,,
1,5,8/8/2014,4451,503,1,1,0,1,c,a,1270,9,2008,0,,,
1,4,8/7/2014,4154,480,1,1,0,1,c,a,1270,9,2008,0,,,
1,3,8/6/2014,5337,575,1,1,0,1,c,a,1270,9,2008,0,,,
1,2,8/5/2014,5433,620,1,1,0,1,c,a,1270,9,2008,0,,,
1,1,8/4/2014,5655,592,1,1,0,1,c,a,1270,9,2008,0,,,
1,6,8/2/2014,4731,555,1,0,0,1,c,a,1270,9,2008,0,,,
1,5,8/1/2014,5038,572,1,1,0,1,c,a,1270,9,2008,0,,,
1,4,7/31/2014,5106,575,1,1,0,0,c,a,1270,9,2008,0,,,
1,3,7/30/2014,5487,587,1,1,0,1,c,a,1270,9,2008,0,,,
1,2,7/29/2014,5252,591,1,1,0,1,c,a,1270,9,2008,0,,,
1,1,7/28/2014,5372,584,1,1,0,1,c,a,1270,9,2008,0,,,
1,6,7/26/2014,4266,488,1,0,0,0,c,a,1270,9,2008,0,,,
1,5,7/25/2014,3858,461,1,0,0,0,c,a,1270,9,2008,0,,,
1,4,7/24/2014,3557,494,1,0,0,0,c,a,1270,9,2008,0,,,
1,3,7/23/2014,3806,476,1,0,0,0,c,a,1270,9,2008,0,,,
1,2,7/22/2014,3933,495,1,0,0,0,c,a,1270,9,2008,0,,,
1,1,7/21/2014,4507,528,1,0,0,0,c,a,1270,9,2008,0,,,
1,6,7/19/2014,4084,477,1,0,0,0,c,a,1270,9,2008,0,,,
1,5,7/18/2014,4609,506,1,1,0,0,c,a,1270,9,2008,0,,,
1,4,7/17/2014,4685,525,1,1,0,0,c,a,1270,9,2008,0,,,
1,3,7/16/2014,5424,566,1,1,0,0,c,a,1270,9,2008,0,,,
1,2,7/15/2014,5298,538,1,1,0,0,c,a,1270,9,2008,0,,,
1,1,7/14/2014,5083,532,1,1,0,0,c,a,1270,9,2008,0,,,
1,6,7/12/2014,4409,531,1,0,0,0,c,a,1270,9,2008,0,,,
1,5,7/11/2014,4020,463,1,0,0,0,c,a,1270,9,2008,0,,,
1,4,7/10/2014,3741,472,1,0,0,0,c,a,1270,9,2008,0,,,
1,3,7/9/2014,3547,485,1,0,0,0,c,a,1270,9,2008,0,,,
1,2,7/8/2014,4081,510,1,0,0,0,c,a,1270,9,2008,0,,,
1,1,7/7/2014,4223,505,1,0,0,0,c,a,1270,9,2008,0,,,
1,6,7/5/2014,5176,589,1,0,0,0,c,a,1270,9,2008,0,,,
1,5,7/4/2014,4025,450,1,1,0,0,c,a,1270,9,2008,0,,,
1,4,7/3/2014,4756,514,1,1,0,0,c,a,1270,9,2008,0,,,
1,3,7/2/2014,5161,560,1,1,0,0,c,a,1270,9,2008,0,,,
1,2,7/1/2014,5138,533,1,1,0,0,c,a,1270,9,2008,0,,,
1,1,6/30/2014,5738,641,1,1,0,0,c,a,1270,9,2008,0,,,
1,6,6/28/2014,5162,566,1,0,0,0,c,a,1270,9,2008,0,,,
1,5,6/27/2014,4019,501,1,0,0,0,c,a,1270,9,2008,0,,,
1,4,6/26/2014,2749,368,1,0,0,0,c,a,1270,9,2008,0,,,
1,3,6/25/2014,3727,440,1,0,0,0,c,a,1270,9,2008,0,,,
1,2,6/24/2014,3351,444,1,0,0,0,c,a,1270,9,2008,0,,,
1,1,6/23/2014,3755,456,1,0,0,0,c,a,1270,9,2008,0,,,
1,6,6/21/2014,3982,496,1,0,0,0,c,a,1270,9,2008,0,,,
1,5,6/20/2014,6362,709,1,1,0,0,c,a,1270,9,2008,0,,,
1,3,6/18/2014,5256,567,1,1,0,0,c,a,1270,9,2008,0,,,
1,2,6/17/2014,5770,594,1,1,0,0,c,a,1270,9,2008,0,,,
1,1,6/16/2014,4788,529,1,1,0,0,c,a,1270,9,2008,0,,,
1,6,6/14/2014,4757,562,1,0,0,0,c,a,1270,9,2008,0,,,
1,5,6/13/2014,3901,498,1,0,0,0,c,a,1270,9,2008,0,,,
1,4,6/12/2014,3702,489,1,0,0,0,c,a,1270,9,2008,0,,,
1,3,6/11/2014,4207,535,1,0,0,0,c,a,1270,9,2008,0,,,
1,2,6/10/2014,4607,560,1,0,0,0,c,a,1270,9,2008,0,,,
1,6,6/7/2014,4923,555,1,0,0,0,c,a,1270,9,2008,0,,,
1,5,6/6/2014,4957,575,1,1,0,0,c,a,1270,9,2008,0,,,
1,4,6/5/2014,5278,585,1,1,0,0,c,a,1270,9,2008,0,,,
1,3,6/4/2014,5229,570,1,1,0,0,c,a,1270,9,2008,0,,,
1,2,6/3/2014,5614,593,1,1,0,0,c,a,1270,9,2008,0,,,
1,1,6/2/2014,6071,609,1,1,0,0,c,a,1270,9,2008,0,,,
1,6,5/31/2014,4985,560,1,0,0,0,c,a,1270,9,2008,0,,,
1,5,5/30/2014,5407,628,1,0,0,0,c,a,1270,9,2008,0,,,
1,3,5/28/2014,4616,581,1,0,0,0,c,a,1270,9,2008,0,,,
1,2,5/27/2014,3971,511,1,0,0,0,c,a,1270,9,2008,0,,,
1,1,5/26/2014,3912,494,1,0,0,0,c,a,1270,9,2008,0,,,
1,6,5/24/2014,4574,516,1,0,0,0,c,a,1270,9,2008,0,,,
1,5,5/23/2014,4968,526,1,1,0,0,c,a,1270,9,2008,0,,,
1,4,5/22/2014,3801,481,1,1,0,0,c,a,1270,9,2008,0,,,
1,3,5/21/2014,4298,510,1,1,0,0,c,a,1270,9,2008,0,,,
1,2,5/20/2014,4909,549,1,1,0,0,c,a,1270,9,2008,0,,,
1,1,5/19/2014,5637,608,1,1,0,0,c,a,1270,9,2008,0,,,
1,6,5/17/2014,3785,512,1,0,0,0,c,a,1270,9,2008,0,,,
1,5,5/16/2014,3863,479,1,0,0,0,c,a,1270,9,2008,0,,,
1,4,5/15/2014,3589,491,1,0,0,0,c,a,1270,9,2008,0,,,
1,3,5/14/2014,3710,474,1,0,0,0,c,a,1270,9,2008,0,,,
1,2,5/13/2014,3535,449,1,0,0,0,c,a,1270,9,2008,0,,,
1,1,5/12/2014,3957,555,1,0,0,0,c,a,1270,9,2008,0,,,
1,6,5/10/2014,5996,710,1,0,0,0,c,a,1270,9,2008,0,,,
1,5,5/9/2014,5237,622,1,1,0,0,c,a,1270,9,2008,0,,,
1,4,5/8/2014,5222,614,1,1,0,0,c,a,1270,9,2008,0,,,
1,3,5/7/2014,5075,604,1,1,0,0,c,a,1270,9,2008,0,,,
1,2,5/6/2014,5055,585,1,1,0,0,c,a,1270,9,2008,0,,,
1,1,5/5/2014,5325,615,1,1,0,0,c,a,1270,9,2008,0,,,
1,6,5/3/2014,5498,633,1,0,0,0,c,a,1270,9,2008,0,,,
1,5,5/2/2014,6790,732,1,1,0,0,c,a,1270,9,2008,0,,,
1,3,4/30/2014,5870,624,1,1,0,0,c,a,1270,9,2008,0,,,
1,2,4/29/2014,5923,628,1,1,0,0,c,a,1270,9,2008,0,,,
1,1,4/28/2014,5488,607,1,1,0,0,c,a,1270,9,2008,0,,,
1,6,4/26/2014,3989,535,1,0,0,0,c,a,1270,9,2008,0,,,
1,5,4/25/2014,3710,468,1,0,0,1,c,a,1270,9,2008,0,,,
1,4,4/24/2014,3376,461,1,0,0,1,c,a,1270,9,2008,0,,,
1,3,4/23/2014,3482,434,1,0,0,1,c,a,1270,9,2008,0,,,
1,2,4/22/2014,4133,563,1,0,0,1,c,a,1270,9,2008,0,,,
1,6,4/19/2014,5871,642,1,0,0,1,c,a,1270,9,2008,0,,,
1,4,4/17/2014,6160,703,1,1,0,1,c,a,1270,9,2008,0,,,
1,3,4/16/2014,6381,662,1,1,0,1,c,a,1270,9,2008,0,,,
1,2,4/15/2014,6196,672,1,1,0,1,c,a,1270,9,2008,0,,,
1,1,4/14/2014,6803,693,1,1,0,1,c,a,1270,9,2008,0,,,
1,6,4/12/2014,4435,570,1,0,0,0,c,a,1270,9,2008,0,,,
1,5,4/11/2014,3733,507,1,0,0,0,c,a,1270,9,2008,0,,,
1,4,4/10/2014,3948,501,1,0,0,0,c,a,1270,9,2008,0,,,
1,3,4/9/2014,3919,528,1,0,0,0,c,a,1270,9,2008,0,,,
1,2,4/8/2014,3990,496,1,0,0,0,c,a,1270,9,2008,0,,,
1,1,4/7/2014,3751,497,1,0,0,0,c,a,1270,9,2008,0,,,
1,6,4/5/2014,4599,571,1,0,0,0,c,a,1270,9,2008,0,,,
1,5,4/4/2014,4738,552,1,1,0,0,c,a,1270,9,2008,0,,,
1,4,4/3/2014,4556,526,1,1,0,0,c,a,1270,9,2008,0,,,
1,3,4/2/2014,4834,539,1,1,0,0,c,a,1270,9,2008,0,,,
1,2,4/1/2014,5407,583,1,1,0,0,c,a,1270,9,2008,0,,,
1,1,3/31/2014,6008,640,1,1,0,0,c,a,1270,9,2008,0,,,
1,6,3/29/2014,4583,548,1,0,0,0,c,a,1270,9,2008,0,,,
1,5,3/28/2014,3987,471,1,0,0,0,c,a,1270,9,2008,0,,,
1,4,3/27/2014,3847,512,1,0,0,0,c,a,1270,9,2008,0,,,
1,3,3/26/2014,3225,443,1,0,0,0,c,a,1270,9,2008,0,,,
1,2,3/25/2014,3136,448,1,0,0,0,c,a,1270,9,2008,0,,,
1,1,3/24/2014,3850,511,1,0,0,0,c,a,1270,9,2008,0,,,
1,6,3/22/2014,5241,628,1,0,0,0,c,a,1270,9,2008,0,,,
1,5,3/21/2014,4510,542,1,1,0,0,c,a,1270,9,2008,0,,,
1,4,3/20/2014,4023,485,1,1,0,0,c,a,1270,9,2008,0,,,
1,3,3/19/2014,4036,496,1,1,0,0,c,a,1270,9,2008,0,,,
1,2,3/18/2014,5200,635,1,1,0,0,c,a,1270,9,2008,0,,,
1,1,3/17/2014,5563,628,1,1,0,0,c,a,1270,9,2008,0,,,
1,6,3/15/2014,5042,630,1,0,0,0,c,a,1270,9,2008,0,,,
1,5,3/14/2014,3883,502,1,0,0,0,c,a,1270,9,2008,0,,,
1,4,3/13/2014,3224,450,1,0,0,0,c,a,1270,9,2008,0,,,
1,3,3/12/2014,3805,499,1,0,0,0,c,a,1270,9,2008,0,,,
1,2,3/11/2014,3588,476,1,0,0,0,c,a,1270,9,2008,0,,,
1,1,3/10/2014,3573,469,1,0,0,0,c,a,1270,9,2008,0,,,
1,6,3/8/2014,4400,550,1,0,0,0,c,a,1270,9,2008,0,,,
1,5,3/7/2014,5340,588,1,1,0,0,c,a,1270,9,2008,0,,,
1,4,3/6/2014,4585,542,1,1,0,0,c,a,1270,9,2008,0,,,
1,3,3/5/2014,4916,592,1,1,0,0,c,a,1270,9,2008,0,,,
1,2,3/4/2014,5397,619,1,1,0,0,c,a,1270,9,2008,0,,,
1,1,3/3/2014,6198,616,1,1,0,0,c,a,1270,9,2008,0,,,
1,6,3/1/2014,5307,655,1,0,0,0,c,a,1270,9,2008,0,,,
1,5,2/28/2014,5031,603,1,0,0,0,c,a,1270,9,2008,0,,,
1,4,2/27/2014,3826,519,1,0,0,0,c,a,1270,9,2008,0,,,
1,3,2/26/2014,4108,491,1,0,0,0,c,a,1270,9,2008,0,,,
1,2,2/25/2014,3499,470,1,0,0,0,c,a,1270,9,2008,0,,,
1,1,2/24/2014,3826,481,1,0,0,0,c,a,1270,9,2008,0,,,
1,6,2/22/2014,4820,623,1,0,0,0,c,a,1270,9,2008,0,,,
1,5,2/21/2014,4727,550,1,1,0,0,c,a,1270,9,2008,0,,,
1,4,2/20/2014,4563,559,1,1,0,0,c,a,1270,9,2008,0,,,
1,3,2/19/2014,4935,547,1,1,0,0,c,a,1270,9,2008,0,,,
1,2,2/18/2014,4602,556,1,1,0,0,c,a,1270,9,2008,0,,,
1,1,2/17/2014,5393,606,1,1,0,0,c,a,1270,9,2008,0,,,
1,6,2/15/2014,5258,655,1,0,0,0,c,a,1270,9,2008,0,,,
1,5,2/14/2014,4647,591,1,0,0,0,c,a,1270,9,2008,0,,,
1,4,2/13/2014,3638,517,1,0,0,0,c,a,1270,9,2008,0,,,
1,3,2/12/2014,3662,508,1,0,0,0,c,a,1270,9,2008,0,,,
1,2,2/11/2014,3461,481,1,0,0,0,c,a,1270,9,2008,0,,,
1,1,2/10/2014,3591,502,1,0,0,0,c,a,1270,9,2008,0,,,
1,6,2/8/2014,4726,620,1,0,0,0,c,a,1270,9,2008,0,,,
1,5,2/7/2014,5596,636,1,1,0,0,c,a,1270,9,2008,0,,,
1,4,2/6/2014,4823,557,1,1,0,0,c,a,1270,9,2008,0,,,
1,3,2/5/2014,5031,581,1,1,0,0,c,a,1270,9,2008,0,,,
1,2,2/4/2014,5540,602,1,1,0,0,c,a,1270,9,2008,0,,,
1,1,2/3/2014,5839,638,1,1,0,0,c,a,1270,9,2008,0,,,
1,6,2/1/2014,5292,667,1,0,0,0,c,a,1270,9,2008,0,,,
1,5,1/31/2014,4906,589,1,0,0,0,c,a,1270,9,2008,0,,,
1,4,1/30/2014,4549,543,1,0,0,0,c,a,1270,9,2008,0,,,
1,3,1/29/2014,3789,491,1,0,0,0,c,a,1270,9,2008,0,,,
1,2,1/28/2014,3581,453,1,0,0,0,c,a,1270,9,2008,0,,,
1,1,1/27/2014,3601,517,1,0,0,0,c,a,1270,9,2008,0,,,
1,6,1/25/2014,4546,561,1,0,0,0,c,a,1270,9,2008,0,,,
1,5,1/24/2014,5098,587,1,1,0,0,c,a,1270,9,2008,0,,,
1,4,1/23/2014,4597,525,1,1,0,0,c,a,1270,9,2008,0,,,
1,3,1/22/2014,4562,549,1,1,0,0,c,a,1270,9,2008,0,,,
1,2,1/21/2014,5151,551,1,1,0,0,c,a,1270,9,2008,0,,,
1,1,1/20/2014,6148,653,1,1,0,0,c,a,1270,9,2008,0,,,
1,6,1/18/2014,5128,630,1,0,0,0,c,a,1270,9,2008,0,,,
1,5,1/17/2014,3803,479,1,0,0,0,c,a,1270,9,2008,0,,,
1,4,1/16/2014,3632,477,1,0,0,0,c,a,1270,9,2008,0,,,
1,3,1/15/2014,3776,486,1,0,0,0,c,a,1270,9,2008,0,,,
1,2,1/14/2014,3621,464,1,0,0,0,c,a,1270,9,2008,0,,,
1,1,1/13/2014,3994,545,1,0,0,0,c,a,1270,9,2008,0,,,
1,6,1/11/2014,4454,569,1,0,0,0,c,a,1270,9,2008,0,,,
1,5,1/10/2014,4486,559,1,1,0,1,c,a,1270,9,2008,0,,,
1,4,1/9/2014,4396,539,1,1,0,1,c,a,1270,9,2008,0,,,
1,3,1/8/2014,4931,589,1,1,0,1,c,a,1270,9,2008,0,,,
1,2,1/7/2014,5539,607,1,1,0,1,c,a,1270,9,2008,0,,,
1,1,1/6/2014,6194,649,1,1,0,1,c,a,1270,9,2008,0,,,
1,6,1/4/2014,5173,660,1,0,0,1,c,a,1270,9,2008,0,,,
1,5,1/3/2014,4190,552,1,0,0,1,c,a,1270,9,2008,0,,,
1,4,1/2/2014,4969,618,1,0,0,1,c,a,1270,9,2008,0,,,
1,2,12/31/2013,2362,298,1,0,0,1,c,a,1270,9,2008,0,,,
1,1,12/30/2013,7193,796,1,0,0,1,c,a,1270,9,2008,0,,,
1,6,12/28/2013,5659,716,1,0,0,1,c,a,1270,9,2008,0,,,
1,5,12/27/2013,6110,737,1,0,0,1,c,a,1270,9,2008,0,,,
1,2,12/24/2013,3204,385,1,0,0,1,c,a,1270,9,2008,0,,,
1,1,12/23/2013,9528,1130,1,0,0,1,c,a,1270,9,2008,0,,,
1,6,12/21/2013,8043,927,1,0,0,0,c,a,1270,9,2008,0,,,
1,5,12/20/2013,8414,895,1,1,0,0,c,a,1270,9,2008,0,,,
1,4,12/19/2013,6788,782,1,1,0,0,c,a,1270,9,2008,0,,,
1,3,12/18/2013,7821,828,1,1,0,0,c,a,1270,9,2008,0,,,
1,2,12/17/2013,7356,808,1,1,0,0,c,a,1270,9,2008,0,,,
1,1,12/16/2013,8277,825,1,1,0,0,c,a,1270,9,2008,0,,,
1,6,12/14/2013,6119,743,1,0,0,0,c,a,1270,9,2008,0,,,
1,5,12/13/2013,4703,594,1,0,0,0,c,a,1270,9,2008,0,,,
1,4,12/12/2013,4074,558,1,0,0,0,c,a,1270,9,2008,0,,,
1,3,12/11/2013,4301,543,1,0,0,0,c,a,1270,9,2008,0,,,
1,2,12/10/2013,4228,581,1,0,0,0,c,a,1270,9,2008,0,,,
1,1,12/9/2013,4462,576,1,0,0,0,c,a,1270,9,2008,0,,,
1,6,12/7/2013,5799,723,1,0,0,0,c,a,1270,9,2008,0,,,
1,5,12/6/2013,6112,673,1,1,0,0,c,a,1270,9,2008,0,,,
1,4,12/5/2013,5691,685,1,1,0,0,c,a,1270,9,2008,0,,,
1,3,12/4/2013,5688,627,1,1,0,0,c,a,1270,9,2008,0,,,
1,2,12/3/2013,6293,658,1,1,0,0,c,a,1270,9,2008,0,,,
1,1,12/2/2013,6943,754,1,1,0,0,c,a,1270,9,2008,0,,,
1,6,11/30/2013,6373,730,1,0,0,0,c,a,1270,9,2008,0,,,
1,5,11/29/2013,5623,665,1,0,0,0,c,a,1270,9,2008,0,,,
1,4,11/28/2013,4614,585,1,0,0,0,c,a,1270,9,2008,0,,,
1,3,11/27/2013,4561,530,1,0,0,0,c,a,1270,9,2008,0,,,
1,2,11/26/2013,4201,524,1,0,0,0,c,a,1270,9,2008,0,,,
1,1,11/25/2013,4600,575,1,0,0,0,c,a,1270,9,2008,0,,,
1,6,11/23/2013,5297,614,1,0,0,0,c,a,1270,9,2008,0,,,
1,5,11/22/2013,5058,581,1,1,0,0,c,a,1270,9,2008,0,,,
1,4,11/21/2013,4623,545,1,1,0,0,c,a,1270,9,2008,0,,,
1,3,11/20/2013,4936,586,1,1,0,0,c,a,1270,9,2008,0,,,
1,2,11/19/2013,5143,583,1,1,0,0,c,a,1270,9,2008,0,,,
1,1,11/18/2013,5927,681,1,1,0,0,c,a,1270,9,2008,0,,,
1,6,11/16/2013,5071,616,1,0,0,0,c,a,1270,9,2008,0,,,
1,5,11/15/2013,4016,504,1,0,0,0,c,a,1270,9,2008,0,,,
1,4,11/14/2013,3795,502,1,0,0,0,c,a,1270,9,2008,0,,,
1,3,11/13/2013,3310,464,1,0,0,0,c,a,1270,9,2008,0,,,
1,2,11/12/2013,4017,507,1,0,0,0,c,a,1270,9,2008,0,,,
1,1,11/11/2013,4014,519,1,0,0,0,c,a,1270,9,2008,0,,,
1,6,11/9/2013,4681,582,1,0,0,0,c,a,1270,9,2008,0,,,
1,5,11/8/2013,5242,583,1,1,0,0,c,a,1270,9,2008,0,,,
1,4,11/7/2013,5009,575,1,1,0,0,c,a,1270,9,2008,0,,,
1,3,11/6/2013,5572,611,1,1,0,0,c,a,1270,9,2008,0,,,
1,2,11/5/2013,5348,628,1,1,0,0,c,a,1270,9,2008,0,,,
1,1,11/4/2013,5861,620,1,1,0,0,c,a,1270,9,2008,0,,,
1,6,11/2/2013,5233,653,1,0,0,0,c,a,1270,9,2008,0,,,
1,5,11/1/2013,5471,707,1,0,0,0,c,a,1270,9,2008,0,,,
1,4,10/31/2013,4035,514,1,0,0,0,c,a,1270,9,2008,0,,,
1,3,10/30/2013,4119,496,1,0,0,0,c,a,1270,9,2008,0,,,
1,2,10/29/2013,3737,479,1,0,0,0,c,a,1270,9,2008,0,,,
1,1,10/28/2013,3557,494,1,0,0,0,c,a,1270,9,2008,0,,,
1,6,10/26/2013,4347,535,1,0,0,0,c,a,1270,9,2008,0,,,
1,5,10/25/2013,4573,576,1,1,0,1,c,a,1270,9,2008,0,,,
1,4,10/24/2013,4044,498,1,1,0,1,c,a,1270,9,2008,0,,,
1,3,10/23/2013,4612,505,1,1,0,1,c,a,1270,9,2008,0,,,
1,2,10/22/2013,4068,504,1,1,0,1,c,a,1270,9,2008,0,,,
1,1,10/21/2013,5055,571,1,1,0,1,c,a,1270,9,2008,0,,,
1,6,10/19/2013,3667,479,1,0,0,1,c,a,1270,9,2008,0,,,
1,5,10/18/2013,3566,490,1,0,0,1,c,a,1270,9,2008,0,,,
1,4,10/17/2013,3223,446,1,0,0,1,c,a,1270,9,2008,0,,,
1,3,10/16/2013,3383,452,1,0,0,1,c,a,1270,9,2008,0,,,
1,2,10/15/2013,3355,457,1,0,0,1,c,a,1270,9,2008,0,,,
1,1,10/14/2013,3773,478,1,0,0,1,c,a,1270,9,2008,0,,,
1,6,10/12/2013,4954,608,1,0,0,0,c,a,1270,9,2008,0,,,
1,5,10/11/2013,5896,670,1,1,0,0,c,a,1270,9,2008,0,,,
1,4,10/10/2013,5286,596,1,1,0,0,c,a,1270,9,2008,0,,,
1,3,10/9/2013,4957,596,1,1,0,0,c,a,1270,9,2008,0,,,
1,2,10/8/2013,5452,592,1,1,0,0,c,a,1270,9,2008,0,,,
1,1,10/7/2013,6004,626,1,1,0,0,c,a,1270,9,2008,0,,,
1,6,10/5/2013,5352,662,1,0,0,0,c,a,1270,9,2008,0,,,
1,5,10/4/2013,5447,619,1,0,0,0,c,a,1270,9,2008,0,,,
1,3,10/2/2013,4001,509,1,0,0,0,c,a,1270,9,2008,0,,,
1,2,10/1/2013,4178,508,1,0,0,0,c,a,1270,9,2008,0,,,
1,1,9/30/2013,4088,516,1,0,0,0,c,a,1270,9,2008,0,,,
1,6,9/28/2013,4175,538,1,0,0,0,c,a,1270,9,2008,0,,,
1,5,9/27/2013,4669,548,1,1,0,0,c,a,1270,9,2008,0,,,
1,4,9/26/2013,4481,537,1,1,0,0,c,a,1270,9,2008,0,,,
1,3,9/25/2013,4212,500,1,1,0,0,c,a,1270,9,2008,0,,,
1,2,9/24/2013,4274,492,1,1,0,0,c,a,1270,9,2008,0,,,
1,1,9/23/2013,4770,542,1,1,0,0,c,a,1270,9,2008,0,,,
1,6,9/21/2013,3909,522,1,0,0,0,c,a,1270,9,2008,0,,,
1,5,9/20/2013,3516,494,1,0,0,0,c,a,1270,9,2008,0,,,
1,4,9/19/2013,3717,469,1,0,0,0,c,a,1270,9,2008,0,,,
1,3,9/18/2013,3946,507,1,0,0,0,c,a,1270,9,2008,0,,,
1,2,9/17/2013,3685,502,1,0,0,0,c,a,1270,9,2008,0,,,
1,1,9/16/2013,4249,568,1,0,0,0,c,a,1270,9,2008,0,,,
1,6,9/14/2013,4663,619,1,0,0,0,c,a,1270,9,2008,0,,,
1,5,9/13/2013,5187,559,1,1,0,0,c,a,1270,9,2008,0,,,
1,4,9/12/2013,5079,586,1,1,0,0,c,a,1270,9,2008,0,,,
1,3,9/11/2013,5103,580,1,1,0,0,c,a,1270,9,2008,0,,,
1,2,9/10/2013,5403,599,1,1,0,0,c,a,1270,9,2008,0,,,
1,1,9/9/2013,5893,601,1,1,0,0,c,a,1270,9,2008,0,,,
1,6,9/7/2013,4663,555,1,0,0,0,c,a,1270,9,2008,0,,,
1,5,9/6/2013,3836,466,1,0,0,0,c,a,1270,9,2008,0,,,
1,4,9/5/2013,3883,465,1,0,0,0,c,a,1270,9,2008,0,,,
1,3,9/4/2013,3343,444,1,0,0,0,c,a,1270,9,2008,0,,,
1,2,9/3/2013,3928,507,1,0,0,0,c,a,1270,9,2008,0,,,
1,1,9/2/2013,4195,496,1,0,0,0,c,a,1270,9,2008,0,,,
1,6,8/31/2013,5317,598,1,0,0,0,c,a,1270,9,2008,0,,,
1,5,8/30/2013,5469,612,1,1,0,0,c,a,1270,9,2008,0,,,
1,4,8/29/2013,4804,534,1,1,0,0,c,a,1270,9,2008,0,,,
1,3,8/28/2013,4583,507,1,1,0,0,c,a,1270,9,2008,0,,,
1,2,8/27/2013,5156,556,1,1,0,0,c,a,1270,9,2008,0,,,
1,1,8/26/2013,5482,613,1,1,0,0,c,a,1270,9,2008,0,,,
1,6,8/24/2013,4752,601,1,0,0,0,c,a,1270,9,2008,0,,,
1,5,8/23/2013,3493,445,1,0,0,0,c,a,1270,9,2008,0,,,
1,4,8/22/2013,3703,498,1,0,0,0,c,a,1270,9,2008,0,,,
1,3,8/21/2013,3096,441,1,0,0,0,c,a,1270,9,2008,0,,,
1,2,8/20/2013,3492,475,1,0,0,0,c,a,1270,9,2008,0,,,
1,1,8/19/2013,3954,513,1,0,0,0,c,a,1270,9,2008,0,,,
1,6,8/17/2013,4078,503,1,0,0,0,c,a,1270,9,2008,0,,,
1,5,8/16/2013,4552,527,1,1,0,1,c,a,1270,9,2008,0,,,
1,4,8/15/2013,4575,538,1,1,0,1,c,a,1270,9,2008,0,,,
1,3,8/14/2013,4724,574,1,1,0,1,c,a,1270,9,2008,0,,,
1,2,8/13/2013,5299,573,1,1,0,1,c,a,1270,9,2008,0,,,
1,1,8/12/2013,5326,600,1,1,0,1,c,a,1270,9,2008,0,,,
1,6,8/10/2013,3768,457,1,0,0,1,c,a,1270,9,2008,0,,,
1,5,8/9/2013,3257,418,1,0,0,1,c,a,1270,9,2008,0,,,
1,4,8/8/2013,3680,466,1,0,0,1,c,a,1270,9,2008,0,,,
1,3,8/7/2013,4143,512,1,0,0,1,c,a,1270,9,2008,0,,,
1,2,8/6/2013,3582,477,1,0,0,1,c,a,1270,9,2008,0,,,
1,1,8/5/2013,4086,522,1,0,0,1,c,a,1270,9,2008,0,,,
1,6,8/3/2013,4461,553,1,0,0,1,c,a,1270,9,2008,0,,,
1,5,8/2/2013,4494,562,1,1,0,1,c,a,1270,9,2008,0,,,
1,4,8/1/2013,4994,555,1,1,0,1,c,a,1270,9,2008,0,,,
1,3,7/31/2013,5572,624,1,1,0,1,c,a,1270,9,2008,0,,,
1,2,7/30/2013,5773,630,1,1,0,1,c,a,1270,9,2008,0,,,
1,1,7/29/2013,6290,630,1,1,0,1,c,a,1270,9,2008,0,,,
1,6,7/27/2013,3352,456,1,0,0,1,c,a,1270,9,2008,0,,,
1,5,7/26/2013,4221,516,1,0,0,1,c,a,1270,9,2008,0,,,
1,4,7/25/2013,3502,451,1,0,0,1,c,a,1270,9,2008,0,,,
1,3,7/24/2013,3849,453,1,0,0,1,c,a,1270,9,2008,0,,,
1,2,7/23/2013,3937,497,1,0,0,1,c,a,1270,9,2008,0,,,
1,1,7/22/2013,4149,493,1,0,0,1,c,a,1270,9,2008,0,,,
1,6,7/20/2013,4421,544,1,0,0,1,c,a,1270,9,2008,0,,,
1,5,7/19/2013,4275,495,1,1,0,1,c,a,1270,9,2008,0,,,
1,4,7/18/2013,4904,533,1,1,0,1,c,a,1270,9,2008,0,,,
1,3,7/17/2013,4946,544,1,1,0,1,c,a,1270,9,2008,0,,,
1,2,7/16/2013,5643,582,1,1,0,1,c,a,1270,9,2008,0,,,
1,1,7/15/2013,6377,657,1,1,0,1,c,a,1270,9,2008,0,,,
1,6,7/13/2013,4015,490,1,0,0,1,c,a,1270,9,2008,0,,,
1,5,7/12/2013,4134,514,1,0,0,1,c,a,1270,9,2008,0,,,
1,4,7/11/2013,4053,486,1,0,0,1,c,a,1270,9,2008,0,,,
1,3,7/10/2013,3963,496,1,0,0,1,c,a,1270,9,2008,0,,,
1,2,7/9/2013,4047,503,1,0,0,1,c,a,1270,9,2008,0,,,
1,1,7/8/2013,4475,523,1,0,0,1,c,a,1270,9,2008,0,,,
1,6,7/6/2013,4090,498,1,0,0,1,c,a,1270,9,2008,0,,,
1,5,7/5/2013,4986,603,1,1,0,0,c,a,1270,9,2008,0,,,
1,4,7/4/2013,5701,634,1,1,0,0,c,a,1270,9,2008,0,,,
1,3,7/3/2013,5875,634,1,1,0,0,c,a,1270,9,2008,0,,,
1,2,7/2/2013,5868,614,1,1,0,0,c,a,1270,9,2008,0,,,
1,1,7/1/2013,5614,614,1,1,0,0,c,a,1270,9,2008,0,,,
1,6,6/29/2013,5804,671,1,0,0,0,c,a,1270,9,2008,0,,,
1,5,6/28/2013,4407,568,1,0,0,0,c,a,1270,9,2008,0,,,
1,4,6/27/2013,3593,464,1,0,0,0,c,a,1270,9,2008,0,,,
1,3,6/26/2013,3827,508,1,0,0,0,c,a,1270,9,2008,0,,,
1,2,6/25/2013,4536,528,1,0,0,0,c,a,1270,9,2008,0,,,
1,1,6/24/2013,3549,494,1,0,0,0,c,a,1270,9,2008,0,,,
1,6,6/22/2013,4341,512,1,0,0,0,c,a,1270,9,2008,0,,,
1,5,6/21/2013,5173,542,1,1,0,0,c,a,1270,9,2008,0,,,
1,4,6/20/2013,5011,539,1,1,0,0,c,a,1270,9,2008,0,,,
1,3,6/19/2013,4180,517,1,1,0,0,c,a,1270,9,2008,0,,,
1,2,6/18/2013,4633,554,1,1,0,0,c,a,1270,9,2008,0,,,
1,1,6/17/2013,5337,585,1,1,0,0,c,a,1270,9,2008,0,,,
1,6,6/15/2013,4766,567,1,0,0,0,c,a,1270,9,2008,0,,,
1,5,6/14/2013,4150,529,1,0,0,0,c,a,1270,9,2008,0,,,
1,4,6/13/2013,3661,461,1,0,0,0,c,a,1270,9,2008,0,,,
1,3,6/12/2013,3563,476,1,0,0,0,c,a,1270,9,2008,0,,,
1,2,6/11/2013,3784,500,1,0,0,0,c,a,1270,9,2008,0,,,
1,1,6/10/2013,4291,531,1,0,0,0,c,a,1270,9,2008,0,,,
1,6,6/8/2013,4262,511,1,0,0,0,c,a,1270,9,2008,0,,,
1,5,6/7/2013,4315,541,1,1,0,0,c,a,1270,9,2008,0,,,
1,4,6/6/2013,4881,555,1,1,0,0,c,a,1270,9,2008,0,,,
1,3,6/5/2013,5012,575,1,1,0,0,c,a,1270,9,2008,0,,,
1,2,6/4/2013,5220,558,1,1,0,0,c,a,1270,9,2008,0,,,
1,1,6/3/2013,5422,619,1,1,0,0,c,a,1270,9,2008,0,,,
1,6,6/1/2013,5693,662,1,0,0,0,c,a,1270,9,2008,0,,,
1,5,5/31/2013,7893,795,1,1,0,0,c,a,1270,9,2008,0,,,
1,3,5/29/2013,5784,641,1,1,0,0,c,a,1270,9,2008,0,,,
1,2,5/28/2013,4995,555,1,1,0,0,c,a,1270,9,2008,0,,,
1,1,5/27/2013,5519,606,1,1,0,0,c,a,1270,9,2008,0,,,
1,6,5/25/2013,4408,538,1,0,0,0,c,a,1270,9,2008,0,,,
1,5,5/24/2013,4232,534,1,0,0,0,c,a,1270,9,2008,0,,,
1,4,5/23/2013,4030,536,1,0,0,0,c,a,1270,9,2008,0,,,
1,3,5/22/2013,3559,507,1,0,0,0,c,a,1270,9,2008,0,,,
1,2,5/21/2013,4789,602,1,0,0,0,c,a,1270,9,2008,0,,,
1,6,5/18/2013,4413,535,1,0,0,0,c,a,1270,9,2008,0,,,
1,5,5/17/2013,4856,597,1,1,0,0,c,a,1270,9,2008,0,,,
1,4,5/16/2013,4448,544,1,1,0,0,c,a,1270,9,2008,0,,,
1,3,5/15/2013,4790,576,1,1,0,0,c,a,1270,9,2008,0,,,
1,2,5/14/2013,5083,574,1,1,0,0,c,a,1270,9,2008,0,,,
1,1,5/13/2013,6106,660,1,1,0,0,c,a,1270,9,2008,0,,,
1,6,5/11/2013,5064,640,1,0,0,0,c,a,1270,9,2008,0,,,
1,5,5/10/2013,5409,644,1,0,0,0,c,a,1270,9,2008,0,,,
1,3,5/8/2013,5230,631,1,0,0,0,c,a,1270,9,2008,0,,,
1,2,5/7/2013,4624,540,1,0,0,0,c,a,1270,9,2008,0,,,
1,1,5/6/2013,4568,562,1,0,0,0,c,a,1270,9,2008,0,,,
1,6,5/4/2013,5912,813,1,0,0,0,c,a,1270,9,2008,0,,,
1,5,5/3/2013,6027,658,1,1,0,0,c,a,1270,9,2008,0,,,
1,4,5/2/2013,6486,677,1,1,0,0,c,a,1270,9,2008,0,,,
1,2,4/30/2013,5925,665,1,1,0,0,c,a,1270,9,2008,0,,,
1,1,4/29/2013,5821,641,1,1,0,0,c,a,1270,9,2008,0,,,
1,6,4/27/2013,5726,650,1,0,0,0,c,a,1270,9,2008,0,,,
1,5,4/26/2013,4841,572,1,1,0,0,c,a,1270,9,2008,0,,,
1,4,4/25/2013,3939,532,1,1,0,0,c,a,1270,9,2008,0,,,
1,3,4/24/2013,4309,512,1,1,0,0,c,a,1270,9,2008,0,,,
1,2,4/23/2013,4492,560,1,1,0,0,c,a,1270,9,2008,0,,,
1,1,4/22/2013,5672,623,1,1,0,0,c,a,1270,9,2008,0,,,
1,6,4/20/2013,4350,546,1,0,0,0,c,a,1270,9,2008,0,,,
1,5,4/19/2013,4303,526,1,0,0,0,c,a,1270,9,2008,0,,,
1,4,4/18/2013,2952,432,1,0,0,0,c,a,1270,9,2008,0,,,
1,3,4/17/2013,3649,500,1,0,0,0,c,a,1270,9,2008,0,,,
1,2,4/16/2013,3357,453,1,0,0,0,c,a,1270,9,2008,0,,,
1,1,4/15/2013,3941,526,1,0,0,0,c,a,1270,9,2008,0,,,
1,6,4/13/2013,4773,608,1,0,0,0,c,a,1270,9,2008,0,,,
1,5,4/12/2013,5263,614,1,1,0,0,c,a,1270,9,2008,0,,,
1,4,4/11/2013,4366,541,1,1,0,0,c,a,1270,9,2008,0,,,
1,3,4/10/2013,4903,575,1,1,0,0,c,a,1270,9,2008,0,,,
1,2,4/9/2013,5514,594,1,1,0,0,c,a,1270,9,2008,0,,,
1,1,4/8/2013,6046,695,1,1,0,0,c,a,1270,9,2008,0,,,
1,6,4/6/2013,5075,657,1,0,0,0,c,a,1270,9,2008,0,,,
1,5,4/5/2013,4390,571,1,0,0,1,c,a,1270,9,2008,0,,,
1,4,4/4/2013,4293,566,1,0,0,1,c,a,1270,9,2008,0,,,
1,3,4/3/2013,4625,594,1,0,0,1,c,a,1270,9,2008,0,,,
1,2,4/2/2013,5484,629,1,0,0,1,c,a,1270,9,2008,0,,,
1,6,3/30/2013,7132,773,1,0,0,0,c,a,1270,9,2008,0,,,
1,4,3/28/2013,7285,902,1,1,0,1,c,a,1270,9,2008,0,,,
1,3,3/27/2013,6660,779,1,1,0,1,c,a,1270,9,2008,0,,,
1,2,3/26/2013,6686,747,1,1,0,1,c,a,1270,9,2008,0,,,
1,1,3/25/2013,6729,777,1,1,0,1,c,a,1270,9,2008,0,,,
1,6,3/23/2013,5603,682,1,0,0,0,c,a,1270,9,2008,0,,,
1,5,3/22/2013,5506,694,1,1,0,0,c,a,1270,9,2008,0,,,
1,4,3/21/2013,5179,662,1,1,0,0,c,a,1270,9,2008,0,,,
1,3,3/20/2013,5598,688,1,1,0,0,c,a,1270,9,2008,0,,,
1,2,3/19/2013,6563,719,1,1,0,0,c,a,1270,9,2008,0,,,
1,1,3/18/2013,7072,778,1,1,0,0,c,a,1270,9,2008,0,,,
1,6,3/16/2013,5003,680,1,0,0,0,c,a,1270,9,2008,0,,,
1,5,3/15/2013,4925,677,1,0,0,0,c,a,1270,9,2008,0,,,
1,4,3/14/2013,5108,660,1,0,0,0,c,a,1270,9,2008,0,,,
1,3,3/13/2013,4341,622,1,0,0,0,c,a,1270,9,2008,0,,,
1,2,3/12/2013,3853,491,1,0,0,0,c,a,1270,9,2008,0,,,
1,1,3/11/2013,4949,618,1,0,0,0,c,a,1270,9,2008,0,,,
1,6,3/9/2013,5578,734,1,0,0,0,c,a,1270,9,2008,0,,,
1,5,3/8/2013,5853,694,1,1,0,0,c,a,1270,9,2008,0,,,
1,4,3/7/2013,5637,702,1,1,0,0,c,a,1270,9,2008,0,,,
1,3,3/6/2013,5973,678,1,1,0,0,c,a,1270,9,2008,0,,,
1,2,3/5/2013,6300,715,1,1,0,0,c,a,1270,9,2008,0,,,
1,1,3/4/2013,7675,840,1,1,0,0,c,a,1270,9,2008,0,,,
1,6,3/2/2013,5350,678,1,0,0,0,c,a,1270,9,2008,0,,,
1,5,3/1/2013,4611,584,1,0,0,0,c,a,1270,9,2008,0,,,
1,4,2/28/2013,4676,581,1,0,0,0,c,a,1270,9,2008,0,,,
1,3,2/27/2013,4558,579,1,0,0,0,c,a,1270,9,2008,0,,,
1,2,2/26/2013,3794,525,1,0,0,0,c,a,1270,9,2008,0,,,
1,1,2/25/2013,4038,534,1,0,0,0,c,a,1270,9,2008,0,,,
1,6,2/23/2013,5237,650,1,0,0,0,c,a,1270,9,2008,0,,,
1,5,2/22/2013,5000,599,1,1,0,0,c,a,1270,9,2008,0,,,
1,4,2/21/2013,5261,629,1,1,0,0,c,a,1270,9,2008,0,,,
1,3,2/20/2013,5660,684,1,1,0,0,c,a,1270,9,2008,0,,,
1,2,2/19/2013,5386,608,1,1,0,0,c,a,1270,9,2008,0,,,
1,1,2/18/2013,6407,710,1,1,0,0,c,a,1270,9,2008,0,,,
1,6,2/16/2013,6154,682,1,0,0,0,c,a,1270,9,2008,0,,,
1,5,2/15/2013,4809,607,1,0,0,0,c,a,1270,9,2008,0,,,
1,4,2/14/2013,4241,573,1,0,0,0,c,a,1270,9,2008,0,,,
1,3,2/13/2013,4252,604,1,0,0,0,c,a,1270,9,2008,0,,,
1,2,2/12/2013,4015,572,1,0,0,0,c,a,1270,9,2008,0,,,
1,1,2/11/2013,4409,599,1,0,0,0,c,a,1270,9,2008,0,,,
1,6,2/9/2013,5370,656,1,0,0,0,c,a,1270,9,2008,0,,,
1,5,2/8/2013,5681,630,1,1,0,0,c,a,1270,9,2008,0,,,
1,4,2/7/2013,5499,675,1,1,0,0,c,a,1270,9,2008,0,,,
1,3,2/6/2013,6140,693,1,1,0,0,c,a,1270,9,2008,0,,,
1,2,2/5/2013,6049,678,1,1,0,0,c,a,1270,9,2008,0,,,
1,1,2/4/2013,7032,762,1,1,0,0,c,a,1270,9,2008,0,,,
1,6,2/2/2013,5970,701,1,0,0,0,c,a,1270,9,2008,0,,,
1,5,2/1/2013,5633,658,1,0,0,0,c,a,1270,9,2008,0,,,
1,4,1/31/2013,4709,571,1,0,0,0,c,a,1270,9,2008,0,,,
1,3,1/30/2013,4601,560,1,0,0,0,c,a,1270,9,2008,0,,,
1,2,1/29/2013,3725,522,1,0,0,0,c,a,1270,9,2008,0,,,
1,1,1/28/2013,4055,549,1,0,0,0,c,a,1270,9,2008,0,,,
1,6,1/26/2013,5598,640,1,0,0,0,c,a,1270,9,2008,0,,,
1,5,1/25/2013,5586,676,1,1,0,0,c,a,1270,9,2008,0,,,
1,4,1/24/2013,5195,645,1,1,0,0,c,a,1270,9,2008,0,,,
1,3,1/23/2013,5578,627,1,1,0,0,c,a,1270,9,2008,0,,,
1,2,1/22/2013,5720,667,1,1,0,0,c,a,1270,9,2008,0,,,
1,1,1/21/2013,5394,607,1,1,0,0,c,a,1270,9,2008,0,,,
1,6,1/19/2013,5182,688,1,0,0,0,c,a,1270,9,2008,0,,,
1,5,1/18/2013,4127,568,1,0,0,0,c,a,1270,9,2008,0,,,
1,4,1/17/2013,4044,503,1,0,0,0,c,a,1270,9,2008,0,,,
1,3,1/16/2013,4008,530,1,0,0,0,c,a,1270,9,2008,0,,,
1,2,1/15/2013,3900,512,1,0,0,0,c,a,1270,9,2008,0,,,
1,1,1/14/2013,4717,616,1,0,0,0,c,a,1270,9,2008,0,,,
1,6,1/12/2013,4952,646,1,0,0,0,c,a,1270,9,2008,0,,,
1,5,1/11/2013,4881,592,1,1,0,1,c,a,1270,9,2008,0,,,
1,4,1/10/2013,4892,615,1,1,0,1,c,a,1270,9,2008,0,,,
1,3,1/9/2013,5471,626,1,1,0,1,c,a,1270,9,2008,0,,,
1,2,1/8/2013,5580,654,1,1,0,1,c,a,1270,9,2008,0,,,
1,1,1/7/2013,7176,785,1,1,0,1,c,a,1270,9,2008,0,,,
1,6,1/5/2013,4997,635,1,0,0,1,c,a,1270,9,2008,0,,,
1,5,1/4/2013,4486,619,1,0,0,1,c,a,1270,9,2008,0,,,
1,4,1/3/2013,4327,578,1,0,0,1,c,a,1270,9,2008,0,,,
1,3,1/2/2013,5530,668,1,0,0,1,c,a,1270,9,2008,0,,,
